@misc{C,
	title="The С99 Standard",
	howpublished="Режим доступа:\url{http://www.open-std.org/jtc1/sc22/wg14/www/docs/n1256.pdf}",
	note="Дата обращения: 16.09.2020"
}

@misc{debian,
	title="Debian -- универсальная операционная система [Электронный ресурс]",
	howpublished="Режим доступа: \url{https://www.debian.org/}",
	note="Дата обращения: 20.09.2020"
}

@misc{linux,
	title="Linux -- Getting Started [Электронный ресурс]",
	howpublished="Режим доступа: \url{https://linux.org}",
	note="Дата обращения: 20.09.2020"
}

@misc{i5,
	title="Процессор Intel® Core™ i5-3550 [Электронный ресурс]",
	howpublished="Режим доступа:  \url{https://ark.intel.com/content/www/ru/ru/ark/products/65516/intel-core-i5-3550-processor-6m-cache-up-to-3-70-ghz.html}",
	note="Дата обращения: 20.09.2020"
}

