@misc{C++,
	title="C++ Standard",
	howpublished="Режим доступа: \url{https://isocpp.org/}",
	note="Дата обращения: 09.09.2020"
}

@misc{debian,
	title="Debian -- универсальная операционная система [Электронный ресурс]",
	howpublished="Режим доступа: \url{https://www.debian.org/}",
	note="Дата обращения: 20.09.2020"
}

@misc{linux,
	title="Linux -- Getting Started [Электронный ресурс]",
	howpublished="Режим доступа: \url{https://linux.org}",
	note="Дата обращения: 20.09.2020"
}

@misc{std::chrono,
	title="C++ Date and time utilities. std::chrono library",
	howpublished="Режим доступа: \url{https://en.cppreference.com/w/cpp/chrono}",
	note="Дата обращения: 01.12.2020"
}

@misc{i5,
	title="Процессор Intel® Core™ i5-3550 [Электронный ресурс]",
	howpublished="Режим доступа:  \url{https://ark.intel.com/content/www/ru/ru/ark/products/65516/intel-core-i5-3550-processor-6m-cache-up-to-3-70-ghz.html}",
	note="Дата обращения: 20.09.2020"
}

