@misc{C,
	title="The С99 Standard",
	howpublished="Режим доступа:\url{http://www.open-std.org/jtc1/sc22/wg14/www/docs/n1256.pdf}",
	note="Дата обращения: 16.09.2020"
}

@misc{debian,
	title="Debian -- универсальная операционная система [Электронный ресурс]",
	howpublished="Режим доступа: \url{https://www.debian.org/}",
	note="Дата обращения: 20.09.2020"
}

@misc{linux,
	title="Linux -- Getting Started [Электронный ресурс]",
	howpublished="Режим доступа: \url{https://linux.org}",
	note="Дата обращения: 20.09.2020"
}

@misc{i5,
	title="Процессор Intel® Core™ i5-3550 [Электронный ресурс]",
	howpublished="Режим доступа: \url{https://ark.intel.com/content/www/ru/ru/ark/products/65516/intel-core-i5-3550-processor-6m-cache-up-to-3-70-ghz.html}",
	note="Дата обращения: 20.09.2020"
}

@misc{optimize,
	title="Реализация алгоритма умножения матриц по Винограду на языке Haskell. Анисимов Н.С, Строганов Ю.В. [Электронный ресурс]",
	howpublished="Режим доступа: \url{https://cyberleninka.ru/article/n/realizatsiya-algoritma-umnozheniya-matrits-po-vinogradu-na-yazyke-haskell/viewer}",
	note="Дата обращения: 01.10.2020"
}

@article{
	Nemirovsky,
	author="Mario Nemirovsky, Dean M. Tullsen",
	title="Multithreading Architecture",
	journal="Morgan and Claypool Publishers",
	language="english",
	year=2013
}

@article{
	Olukotun,
	author="Kunle Olukotun",
	title="Chip Multiprocessor Architecture — Techniques to Improve Throughput and Latency",
	journal="Morgan and Claypool Publishers",
	pages="154",
	language="english",
	year=2007
}
