@inbook{
	Levenshtein,
	author="Левенштейн, В. И.",
	title="Двоичные коды с исправлением выпадений, вставок и замещений символов",
	publisher="Доклады АН СССР",
	volume=163,
	chapter = 4,
	pages = "845--848",
	language = "russian",
	year = 1965
}

@misc{haskell,
	title="The Haskell purely functional programming language",
	howpublished="Режим доступа: \url{https://haskell.org/}",
	note="Дата обращения: 16.09.2020"
}

